<record><leader>01317cam a2200361 i 45 0</leader><controlfield tag="001">6694249</controlfield><controlfield tag="003">OCoLC</controlfield><controlfield tag="005">20150210180528.0</controlfield><controlfield tag="008">141219s2015    nyua     b    001 0 eng  </controlfield><datafield ind1=" " ind2=" " tag="010"><subfield code="a">  2014029557</subfield></datafield><datafield ind1=" " ind2=" " tag="020"><subfield code="a">9780814769133</subfield><subfield code="q">cl</subfield><subfield code="q">alk. paper</subfield></datafield><datafield ind1=" " ind2=" " tag="020"><subfield code="a">0814769136</subfield><subfield code="q">cl</subfield><subfield code="q">alk. paper</subfield></datafield><datafield ind1=" " ind2=" " tag="020"><subfield code="a">9780814769140</subfield><subfield code="q">pb</subfield><subfield code="q">alk. paper</subfield></datafield><datafield ind1=" " ind2=" " tag="020"><subfield code="a">0814769144</subfield><subfield code="q">pb</subfield><subfield code="q">alk. paper</subfield></datafield><datafield ind1=" " ind2=" " tag="035"><subfield code="a">ocn876883360</subfield></datafield><datafield ind1=" " ind2=" " tag="040"><subfield code="a">DLC</subfield><subfield code="e">rda</subfield><subfield code="b">eng</subfield><subfield code="c">DLC</subfield><subfield code="d">YDX</subfield><subfield code="d">YDXCP</subfield><subfield code="d">BTCTA</subfield><subfield code="d">BDX</subfield><subfield code="d">OCLCF</subfield><subfield code="d">COO</subfield><subfield code="d">AFMK</subfield></datafield><datafield ind1=" " ind2=" " tag="042"><subfield code="a">pcc</subfield></datafield><datafield ind1=" " ind2=" " tag="043"><subfield code="a">n-us---</subfield></datafield><datafield ind1="0" ind2="0" tag="050"><subfield code="a">E161</subfield><subfield code="b">.A8 2015</subfield></datafield><datafield ind1="0" ind2="0" tag="082"><subfield code="a">973.46</subfield><subfield code="2">23</subfield></datafield><datafield ind1=" " ind2=" " tag="090"><subfield code="a">E 161 A8 2015</subfield><subfield code="b">AFMK</subfield></datafield><datafield ind1="0" ind2="0" tag="245"><subfield code="a">At home in nineteenth-century America :</subfield><subfield code="b">a documentary history /</subfield><subfield code="c">[edited by] Amy G. Richter.</subfield></datafield><datafield ind1=" " ind2="1" tag="264"><subfield code="a">New York ;</subfield><subfield code="a">London :</subfield><subfield code="b">New York University Press,</subfield><subfield code="c">[2015]</subfield></datafield><datafield ind1=" " ind2=" " tag="300"><subfield code="a">xvi, 251 pages :</subfield><subfield code="b">illustrations ;</subfield><subfield code="c">23 cm</subfield></datafield><datafield ind1=" " ind2=" " tag="336"><subfield code="a">text</subfield><subfield code="b">txt</subfield><subfield code="2">rdacontent</subfield></datafield><datafield ind1=" " ind2=" " tag="337"><subfield code="a">unmediated</subfield><subfield code="b">n</subfield><subfield code="2">rdamedia</subfield></datafield><datafield ind1=" " ind2=" " tag="338"><subfield code="a">volume</subfield><subfield code="b">nc</subfield><subfield code="2">rdacarrier</subfield></datafield><datafield ind1=" " ind2=" " tag="504"><subfield code="a">Includes bibliographical references and index.</subfield></datafield><datafield ind1=" " ind2=" " tag="596"><subfield code="a">8</subfield></datafield><datafield ind1=" " ind2="0" tag="651"><subfield code="a">United States</subfield><subfield code="x">Social life and customs</subfield><subfield code="y">19th century</subfield><subfield code="v">Sources.</subfield></datafield><datafield ind1="1" ind2=" " tag="700"><subfield code="a">Richter, Amy G.,</subfield><subfield code="e">editor.</subfield></datafield><datafield ind1=" " ind2="7" tag="648"><subfield code="a">1800 - 1899</subfield><subfield code="2">fast</subfield></datafield><datafield ind1=" " ind2=" " tag="926"><subfield code="a">E 161 A8 2015</subfield><subfield code="w">LC</subfield><subfield code="c">1</subfield><subfield code="i">34917001372411</subfield><subfield code="l">ON_SHELF</subfield><subfield code="m">KEYANO</subfield><subfield code="p">$24.70</subfield><subfield code="r">Y</subfield><subfield code="s">Y</subfield><subfield code="t">BOOK</subfield><subfield code="u">9/23/2014</subfield><subfield code="o">.STAFF. Rec'd Feb/15 MW</subfield></datafield></record>